@ARTICLE{MorganSmallCities,
    AUTHOR="Frank MR and Sun L and Cebrian M and Youn H and Rahwan I",
    TITLE="Small cities face greater impact from automation",
    JOURNAL="J. R. Soc. Interface",
    YEAR="2018",
    note={\url{http://dx.doi.org/10.1098/rsif.2017.0946}}
}

@article {MorganAIImpact,
	author = {Frank, Morgan R. and Autor, David and Bessen, James E. and Brynjolfsson, Erik and Cebrian, Manuel and Deming, David J. and Feldman, Maryann and Groh, Matthew and Lobo, Jos{\'e} and Moro, Esteban and Wang, Dashun and Youn, Hyejin and Rahwan, Iyad},
	title = {Toward understanding the impact of artificial intelligence on labor},
	volume = {116},
	number = {14},
	pages = {6531--6539},
	year = {2019},
	note = {\url{https://doi.org/10.1073/pnas.1900949116}},
	journal = {Proceedings of the National Academy of Sciences}
}

@article{AlabdulkareemSkillPolarization,
	author = {Alabdulkareem, Ahmad and Frank, Morgan R. and Sun, Lijun and AlShebli, Bedoor and Hidalgo, C{\'e}sar and Rahwan, Iyad},
	title = {Unpacking the polarization of workplace skills},
	volume = {4},
	number = {7},
	year = {2018},
	note = {\url{http://doi.org/10.1126/sciadv.aao6030}},
	journal = {Science Advances}
}

@ARTICLE{FreyOsborneAutomation,
    AUTHOR="Frey CB and Osborne MA",
    TITLE="The future of employment: How susceptible are jobs to computerisation?",
    JOURNAL="Technological Forecasting & Social Change",
    YEAR="2017",
    VOLUME="114",
    PAGES="254--280",
    note={\url{http://dx.doi.org/10.1016/j.techfore.2016.08.019}}
}

@article{NunesDriverlessTech,
    AUTHOR="Nunes, Ashley and Hernandez, Kristen D.",
    TITLE="Autonomous Vehicles and Public Health: High Cost or High Opportunity Cost?",
    JOURNAL="PsyArXiv",
    YEAR="2019",
    note={\url{http://dx.doi.org/10.31234/osf.io/6e94h}}
}

@misc{O*NET,
    title = "O*NET 24.1 Database",
    author = "O*NET Resource Center National Center for O*NET Development",
    howpublished = {\url{www.onetcenter.org/database.html}},
    note = "Accessed November 2019"
}

@misc{BLSGuide,
    title="2018 Standard Occupational Classification User Guide",
    author="U.S. Bureau of  Labor Statistics",
    howpublished={\url{https://www.bls.gov/soc/2018/soc_2018_user_guide.pdf}},
    note="Accessed November 2019"
}

@article{BLSNationalProjections,
    title="Visualize it: Wages and projected openings by occupation",
    author="Domingo Angeles and Elka Torpey",
    journal="Career Outlook",
    volume="U.S. Bureau of Labor Statistics",
    year="November 2019",
    note={\url{https://www.bls.gov/careeroutlook/2019/article/wages-and-openings.htm}}
}

@misc{BLSEmploymentProjectionsData,
    title="Employment Projections Data Tables",
    author="U.S. Bureau of Labor Statistics",
    howpublished={\url{https://www.bls.gov/emp/tables.htm}},
    note="Accessed November 2019"
}

@misc{BLSOESData,
    title="Occupational Employment Statistics Data",
    author="U.S. Bureau of Labor Statistics",
    howpublished={\url{https://www.bls.gov/oes/tables.htm}},
    note="Accessed November 2019"
}

@misc{BLSOESMSA_DEF,
    title="Occupational Employment Statistics Metropolitan and Nonmetropolitan Area Definitions",
    author="U.S. Bureau of Labor Statistics",
    year="May 2018",
    howpublished={\url{https://www.bls.gov/oes/current/msa_def.htm}},
    note="Accessed November 2019"
}

@misc{CAEmploymentProjections,
    title="Local long-term Employment Projections",
    author="State of California Employment Development Department",
    howpublished={\url{https://www.labormarketinfo.edd.ca.gov/data/employment-projections.html}},
    note="Accessed November 2019"
}

@techreport{GlaeserJoblessness,
 title = "The Spatial Mismatch Between Innovation and Joblessness",
 author = "Glaeser, Edward L and Hausman, Naomi",
 institution = "National Bureau of Economic Research",
 type = "Working Paper",
 number = "25913",
 year = "2019",
 month = "May",
 note = {\url{http://dx.doi.org/10.3386/w25913}},
}

@misc{quadFit,
    title="Interpreting Innovation: Impact on Productivity, Inflation, & Investing",
    author="BlackRock Investment Institute",
    year="September 2014",
    note={\url{https://www.blackrock.com/corporate/literature/whitepaper/bii-interpreting-innovation-us-version.pdf}}
}